1123 1465
457 113 465 137 [
482 113 514 137 ¹9]

120 146 162 159 vero
170 145 206 158 non
214 138 273 161 flores,
285 138 315 157 sed
324 138 427 163 receptacula
435 120 556 160 obse⁴rventur‚
566 138 659 180 pericarpiis
667 138 733 160 ablatis
742 144 852 159 numerentur

120 169 204 183 excavatz
215 164 299 182 cicatrices
310 164 327 182 in
339 163 444 187 receptaculo
455 163 533 187 trigon03
545 162 566 180 tri
580 169 632 187 usque
644 164 722 187 repertis,
730 164 762 181 tria
770 165 850 183 exstitisse

120 189 211 214 pericarpia
222 193 269 206 certo
278 187 426 212 pronuntiabitur:
436 187 481 205 unde
490 191 555 204 constat
563 187 594 204 ista
605 193 639 205 esse
651 193 723 205 numero
731 187 809 210 definita,
821 189 852 207 nisi

121 213 192 231 morbus
200 212 250 230 adsit.
262 211 315 233 Quod
325 217 366 229 vero
375 211 396 229 ad
405 212 468 229 alarum
480 211 530 229 situm
538 211 619 235 pertinet,
627 211 701 235 inspecto
710 212 737 229 vel
746 212 796 230 unico
804 213 850 236 peri-

122 237 185 261 carpio,
194 236 235 254 nihil
242 236 285 257 scitu
294 235 364 254 facilius.
375 237 395 254 In
401 236 523 257 ΒΛκιςτειιιΑ,
532 240 552 253 ut
560 235 606 258 dixi,
615 236 654 260 styli
662 241 792 259 conservantur,
801 237 851 255 etiarn

123 261 180 281 fructu
192 265 260 279 maturo
268 273 274 282 ,
289 266 392 284 quamquam
404 260 481 284 stigmata
496 264 604 277 evanescant:
617 266 668 284 quare
680 266 719 278 cum
735 261 776 284 styli
787 267 852 285 semper

119 291 188 304 sussum
198 291 205 302 s
227 289 281 306 trent,
291 285 381 302 observato
390 284 477 308 pericarpii
488 284 543 308 stylo,
552 284 616 302 alarum
628 284 668 302 situs
677 284 723 302 facile
732 290 852 308 cognoscetur.

123 310 195 328 Stamina
216 309 276 333 enique
287 308 371 327 numerari
379 313 459 333 poterunt
470 308 487 326 in
499 308 622 332 exemplaribus
633 308 735 331 fructiferis,
745 314 803 333 utpote
811 315 851 333 per-

122 339 201 352 sistentia*

146 357 231 382 Expositis
238 357 258 375 iis
266 363 304 381 quae
312 357 333 374 ad
342 358 468 375 Buris-renam
477 357 569 381 pertinent,
577 362 630 381 pauca
639 363 683 375 nunc
692 357 748 376 dicam
757 357 779 375 de
787 358 854 382 generi—

121 382 165 404 bus,
174 387 212 405 φιτ
221 387 261 399 cum
270 381 296 399 illa
305 380 401 399 affinitatem
409 381 476 399 habent.
489 381 530 398 Haec
539 386 578 399 sunt
586 382 709 404 TRIOPTER15‚
718 383 853 405 Turum-ems,

123 406 210 428 Mol-mn,
219 410 236 423 et
244 406 373 424 FLanuLAmA.
385 406 408 423 Et
420 405 474 429 primo
486 405 557 429 quidem
569 405 591 423 de
599 406 727 424 Tmowrznmt
737 406 817 424 nonnulla
824 412 854 424 ex-

122 435 167 449 stant
175 434 265 448 auctorum
274 429 342 453 placita,
355 436 392 453 qu:
405 434 494 447 tractatum
503 429 578 447 reddunt
587 428 679 448 difficilem.
691 430 768 448 Linnzus
776 430 854 448 omnium

121 455 189 479 primus
198 453 299 471 characteres
308 453 365 475 dedit,
374 459 418 477 quos
427 453 470 471 eruit
479 460 500 471 ex
508 453 568 477 plantis
577 453 633 475 siccis,
642 459 692 478 atque
700 454 743 472 inter
751 454 782 472 alia
790 454 855 478 scripsit

123 479 196 503 npetalos
207 483 241 495 esse
253 477 309 496 flores.
322 478 371 496 Hanc
380 478 477 496 sententiam
486 477 575 502 parvifecit
585 478 681 502 nuperrime
689 478 714 496 D.
722 479 764 496 Ant.
773 479 823 496 Laur-
833 478 855 496 de

119 503 187 521 Jussieu
195 502 212 519 in
221 503 254 520 suis
263 502 352 526 generibus
360 502 425 524 dicens,
435 501 558 524 mancamsuisse
564 502 625 520 Limui
632 502 748 520 observationem
755 516 759 523 ,
768 508 814 526 quum
822 509 855 520 cer-

122 530 137 544 te
148 526 243 550 pentapetau
253 526 337 544 'abtamur
345 527 361 544 in
372 527 434 544 Actu
447 526 529 544 Flaminii
536 527 671 545 Tmen-mnus
682 527 767 549 anonimo,
776 531 807 544 tum
816 531 830 544 et
838 527 855 548 s!

123 552 189 569 Hmrm
202 551 227 568 CI.
237 550 309 574 [aequius
316 551 380 568 aliunde
391 550 476 568 simillima.
490 551 572 569 Potuisset
584 551 634 568 etiam
645 551 707 569 addere
719 551 782 570 [ini-ni
793 552 854 571 Tmo-

123 581 218 594 ντειυυενι
230 575 281 599 Malpi
294 575 324 593 hiis
335 580 386 599 atque
398 575 490 593 Banisteriis
500 574 576 596 affinem,
590 574 658 593 difficile
669 581 717 599 posse
726 576 782 599 petalis
791 576 854 597 orbari,

121 600 188 623 quibus
200 599 267 623 reliquae
285 604 365 620 ruuntur;
377 605 452 623 stpeque
463 600 480 617 in
492 599 539 616 siccis
550 599 673 623 exemplaribus
686 599 773 617 fructuum
782 600 855 622 initium,

124 623 215 648 praesertim
226 623 243 641 in
255 623 348 647 pericarpiis
356 623 411 645 alatis,
420 629 452 647 pro
465 623 528 641 corolla
540 623 616 646 usurpari
626 629 686 647 posse,
695 624 726 641 nisi
737 628 798 641 attente
807 624 855 647 plan-

124 653 141 666 ta
153 648 264 669 examinetur,
274 652 324 671 atque
333 647 389 665 affines
400 653 458 665 omnes
470 647 544 671 apprime
555 652 685 671 cognoscantur.
697 648 770 671 Sumpsi:
778 647 855 666 Linuaeus

92 672 95 674 '
125 672 142 690 in
154 672 212 689 hibisco
223 672 299 695 populum
314 672 395 690 corollam
407 677 438 695 pro
454 672 511 695 calyce
521 671 613 692 interiore,
625 671 665 694 quia
676 671 748 689 exterior
761 671 855 692 cecideram

124 696 181 739 Ροὲιιιίι
191 696 242 714 etiam
253 701 270 714 et
279 695 307 714 hic
316 696 379 714 alarum
390 695 457 714 initium
465 701 498 720 pro
506 695 570 713 corolla
578 701 653 717 sumere,
665 695 704 719 quia
711 696 764 720 petala
772 695 816 714 forte
825 702 856 714 ce-

126 726 142 739 c1
161 725 210 739 ssent.

151 745 179 763 Cl.
187 745 277 768 Iacquinus
284 745 342 762 litteris
351 745 420 762 Viennae
429 744 471 762 datis
483 744 511 762 die
520 744 542 762 28
552 744 655 762 Novembris
664 744 702 762 anni
712 744 802 768 superioris
814 744 855 763 mihi

126 769 268 791 communicavit,
277 770 412 787 Tmou-cums
420 768 482 786 Linnaei
493 768 595 786 characteres
607 773 623 786 et
632 768 653 786 ab
661 769 698 792 ipso
707 769 765 792 szpius
774 769 855 786 observa-

126 798 153 811 tos
161 794 179 811 in
187 793 239 811 insula
248 793 345 815 Martinica,
358 798 375 810 et
386 797 441 810 certos
450 798 493 814 esse,
502 798 590 816 meamque
599 793 671 816 plantam
684 792 705 810 ab
713 793 778 811 Hrrura
790 799 819 810 sua
828 792 857 810 di-

127 823 202 835 versam.
219 817 276 840 zQuid
288 823 333 835 nunc
344 817 361 835 in
372 822 459 834 tantorum
470 816 559 834 hominum
571 817 640 834 diversis
652 817 771 841 opinionibus}
787 817 855 834 Nullam

128 841 227 860 haberemus
235 841 291 863 litem,
300 841 313 859 si
321 841 410 865 Iacquinus
419 841 486 859 dixisset
497 840 516 859 1?
522 841 666 859 Tutor-ramnum
676 847 692 858 se
701 841 761 859 vidisse
769 840 856 863 floridam,

127 870 178 889 atque
187 865 242 889 petalis
251 865 337 883 orbatam:
346 864 368 883 2⁴3
377 865 439 882 nullam
447 865 464 882 in
473 865 523 889 ipsius
532 870 582 888 atque
590 866 656 883 Hmm
665 865 751 889 calyeibus
760 864 856 889 glandulam

128 890 214 914 reperiisse
220 896 225 906 :
236 888 257 913 3⁸?
265 889 337 913 denique
345 888 428 906 filamenta
436 889 471 907 basi
480 895 514 906 esse
522 889 575 907 libera
586 894 614 907 aut
626 889 744 913 monadelpha.
756 891 819 907 Interea
831 893 857 906 ta-

129 920 168 931 men
177 920 198 931 ne
207 913 267 931 frustra
279 919 338 937 genera
347 913 464 937 multiplicem,
473 919 527 930 meam
539 913 612 936 plantam
624 914 645 931 ab
654 914 719 933 Hiulca
727 913 802 937 hcquini
814 917 859 931 certe

124 937 213 955 diversam
218 938 361 956 ’fruor-rmum
367 937 422 954 dicam
431 937 455 954 ob
463 938 525 954 alarum
532 937 618 965 pericarpii
626 943 721 959 numerum,
727 937 821 961 eodemque
827 943 860 955 no-

131 962 176 980 mine
185 962 262 985 generice
272 966 289 979 et
297 967 352 979 meam
363 966 380 979 et
388 961 491 978 Linnaeanam
501 967 602 985 coniungam
613 966 682 985 propter
691 962 808 979 omnimodam
820 960 858 979 fru-

130 991 168 1004 etus
183 985 308 1004 similitudinem
315 992 319 1003 ε
334 986 414 1003 Humana
428 990 497 1008 quoque
512 985 587 1008 lacquini
599 989 618 1002 ut
632 991 743 1009 congenerem
757 985 858 1009 adiungam,

130 1015 220 1034 quousque
231 1010 307 1027 oculatus
315 1009 403 1027 botanicus
414 1009 431 1026 in
440 1008 517 1026 America
528 1009 590 1032 plantas
598 1009 659 1026 iterum
668 1009 756 1031 observet,
765 1014 857 1033 comparet,

130 1038 181 1057 atque
192 1033 260 1051 tandem
271 1033 370 1057 pronunciet
381 1038 423 1050 num
435 1032 466 1050 tria
477 1038 547 1056 genera,
556 1038 597 1050 num
606 1033 675 1050 unicum
684 1032 772 1050 efformare
781 1033 858 1051 debeant.

130 1059 190 1081 Itaque
201 1058 345 1076 Tarona-numum
356 1057 396 1075 dico
409 1057 501 1080 plantarum
511 1062 562 1080 genus
570 1069 576 1078 ,
588 1056 616 1074 cui
628 1057 684 1074 omnia
696 1062 735 1074 cum
747 1057 858 1075 Emis-cnm

130 1086 170 1100 sunt
179 1082 275 1099 communia
283 1081 374 1105 pericarpio
384 1086 424 1098 exce
436 1085 464 1102 to,
477 1080 524 1104 quod
533 1085 558 1098 est
566 1080 659 1102 trialatum,
668 1081 692 1097 ala
700 1081 765 1104 gemina
774 1081 859 1105 superiore

130 1105 186 1129 patula
192 1118 198 1127 ‚
213 1106 262 1123 unica
276 1104 353 1123 inferiore
368 1105 421 1129 depen
434 1109 480 1122 ente.
495 1105 653 1122 TETRAPTEMDEM
665 1110 707 1122 vero
719 1105 761 1122 illud
768 1118 774 1127 ,
787 1105 834 1128 quod
849 1111 859 1122 a

131 1130 243 1148 Bnusrrrua
251 1129 308 1147 fructu
318 1128 380 1147 differt.
393 1130 422 1146 Est
430 1129 474 1146 enim
483 1128 518 1145 eius
527 1127 591 1146 fructus
600 1134 621 1146 ex
632 1128 687 1146 tribus
695 1129 764 1153 capsulis
772 1135 811 1147 com
824 1129 859 1147 osi-

131 1158 160 1171 tus
172 1153 293 1177 monospermis
301 1166 307 1175 ,
319 1153 413 1171 bivalvibus
420 1165 425 1174 ‚
438 1158 510 1176 quarum
523 1158 625 1176 unaquzque
636 1158 706 1170 ornatur
718 1158 791 1176 quatuor
802 1153 830 1171 ais
842 1153 859 1171 in

132 1183 201 1195 crucem
209 1178 272 1202 positis.
284 1178 311 1195 De
322 1177 384 1195 horum
405 1182 473 1194 enerum
481 1176 586 1200 stigmatibus
595 1176 636 1194 nihil
643 1177 747 1200 pronuncio,
760 1183 798 1194 narn
806 1177 860 1195 exsie-

132 1206 169 1219 cata
181 1201 198 1218 in
210 1201 288 1220 omnibus
297 1201 356 1226 plantis
365 1200 409 1222 vidi,
418 1205 468 1225 atque
479 1200 550 1218 omni-no
561 1200 625 1219 inutilia
634 1205 653 1218 ut
660 1200 733 1226 figuram
740 1201 816 1225 ipsorum
825 1201 860 1219 ob-

131 1231 221 1244 servarem-
